@Inbook{dynSys,
	author="Smale, Steve",
	title="Differentiable Dynamical Systems",
	bookTitle="The Mathematics of Time: Essays on Dynamical Systems, Economic Processes, and Related Topics",
	year="1980",
	publisher="Springer New York",
	address="New York, NY",
	pages="1--82",
	isbn="978-1-4613-8101-3",
	doi="10.1007/978-1-4613-8101-3_1",
	url="http://dx.doi.org/10.1007/978-1-4613-8101-3_1"
}

@book{dynSys2,
	title={Foundations of Mechanics},
	author={Abraham, R. and Marsden, J.E.},
	isbn={9780821844380},
	lccn={2008005206},
	series={AMS Chelsea publishing},
	url={https://books.google.cz/books?id=4Y-ownk6ilsC},
	year={1978},
	publisher={AMS Chelsea Pub./American Mathematical Society}
}

@article{tarski1955,
	author = "Tarski, Alfred",
	fjournal = "Pacific Journal of Mathematics",
	journal = "Pacific J. Math.",
	number = "2",
	pages = "285--309",
	publisher = "Pacific Journal of Mathematics, A Non-profit Corporation",
	title = "A lattice-theoretical fixpoint theorem and its applications.",
	url = "http://projecteuclid.org/euclid.pjm/1103044538",
	volume = "5",
	year = "1955"
}

@Article{termination,
	author="Mattern, Friedemann",
	title="Algorithms for distributed termination detection",
	journal="Distributed Computing",
	year="1987",
	volume="2",
	number="3",
	pages="161--175",
	abstract="The termination problem for distributed computations is analyzed in the general context of asynchronous communication. In the underlying computational model it is assumed that messages take an arbitrary but finite time and do not necessarily obey the FIFO rule. Time diagrams are used as a graphic means of representing the overall communication scheme, giving a clear insight into the difficulties involved (e.g., lack of global state or time, inconsistent time cuts) and suggesting possible solutions.",
	issn="1432-0452",
	doi="10.1007/BF01782776",
	url="http://dx.doi.org/10.1007/BF01782776"
}

@book{comm,
	title={Distributed systems: principles and paradigms},
	author={Tanenbaum, Andrew S and Van Steen, Maarten},
	year={2007},
	pages={140-152},
	publisher={Prentice-Hall}
}

@online{pithya,
	author = {Laboratory Sybila},
	title = {Pithya},
	year = 2017,
	url = {http://biodivine.fi.muni.cz/pithya},
	urldate = {2017-05-17}
}

@Inbook{z3,
	author="de Moura, Leonardo
	and Bj{\o}rner, Nikolaj",
	editor="Ramakrishnan, C. R.
	and Rehof, Jakob",
	title="Z3: An Efficient SMT Solver",
	bookTitle="Tools and Algorithms for the Construction and Analysis of Systems: 14th International Conference, TACAS 2008, Held as Part of the Joint European Conferences on Theory and Practice of Software, ETAPS 2008, Budapest, Hungary, March 29-April 6, 2008. Proceedings",
	year="2008",
	publisher="Springer Berlin Heidelberg",
	address="Berlin, Heidelberg",
	pages="337--340",
	isbn="978-3-540-78800-3",
	doi="10.1007/978-3-540-78800-3_24",
	url="http://dx.doi.org/10.1007/978-3-540-78800-3_24"
}

@MISC{smtlib,
	author =	 {Clark Barrett and Pascal Fontaine and Cesare Tinelli},
	title =	 {{The Satisfiability Modulo Theories Library (SMT-LIB)}},
	howpublished = {{\tt www.SMT-LIB.org}},
	year =	 2016,
}

@book{antlr,
	author = {Parr, Terence},
	title = {The Definitive ANTLR 4 Reference},
	year = {2013},
	isbn = {1934356999, 9781934356999},
	edition = {2nd},
	publisher = {Pragmatic Bookshelf},
} 

@inproceedings{brim2015high,
	title={High-Performance Discrete Bifurcation Analysis for Piecewise-Affine Dynamical Systems},
	author={Brim, Lubo{\v{s}} and Demko, Martin and Pastva, Samuel and {\v{S}}afr{\'a}nek, David},
	booktitle={Hybrid Systems Biology},
	pages={58--74},
	year={2015},
	publisher={Springer}
}

@article{dilao,
	title={The regulation of gene expression in eukaryotes: bistability and oscillations in repressilator models},
	author={Dil{\~a}o, Rui},
	journal={Journal of theoretical biology},
	volume={340},
	pages={199--208},
	year={2014},
	publisher={Elsevier}
}

@book{clarke,
	author = {Clarke,Jr., Edmund M. and Grumberg, Orna and Peled, Doron A.},
	title = {Model Checking},
	year = {1999},
	isbn = {0-262-03270-8},
	publisher = {MIT Press},
	address = {Cambridge, MA, USA},
}

@article{ieee,
	author = {Barnat, Jiri and Brim, Lubos and Krejci, Adam and Streck, Adam and Safranek, David and Vejnar, Martin and Vejpustek, Tomas},
	title = {On Parameter Synthesis by Parallel Model Checking},
	journal = {IEEE/ACM Trans. Comput. Biol. Bioinformatics},
	issue_date = {May 2012},
	volume = {9},
	number = {3},
	month = may,
	year = {2012},
	issn = {1545-5963},
	pages = {693--705},
	numpages = {13},
	url = {http://dx.doi.org/10.1109/TCBB.2011.110},
	doi = {10.1109/TCBB.2011.110},
	acmid = {2189811},
	publisher = {IEEE Computer Society Press},
	address = {Los Alamitos, CA, USA},
	keywords = {Biological networks, dynamical systems, parallel model checking, parameter synthesis, systems biology.},
} 

@inproceedings{ATVA,
	author = {Bene\v{s}, Nikola and Brim, Lubo\v{s} and Demko, Martin and Pastva, Samuel and \v{S}afr\'anek},
	title = {Parallel {SMT}-Based Parameter Synthesis with Application to Piecewise Multi-Affine Systems},
	booktitle = {{ATVA'16}},
	year = {2016},
	publisher = {Springer},
	series    = {LNCS},
	note = {To appear.},
}


@article{batt, 
	Author = {Batt, G. and Page, M. and Cantone, I. and G\"ossler, G. and Monteiro, P.T. and de Jong, H.},
	Title = {Efficient parameter search for qualitative models of regulatory networks using symbolic model checking},
	Journal = {Bioinformatics},
	pages = {603-610},
	Volume = {26},
	Number = {18},
	Year = {2010}
}


@incollection{gilbert,
	year={2008},
	booktitle={CMSB},
	volume={5307},
	series={LNCS},
	title={A Model Checking Approach to the Parameter Estimation of Biochemical Pathways},
	publisher={Springer},
	author={Donaldson, Robin and Gilbert, David},
	pages={269-287},
}

@article{donze,
	title={Parameter synthesis in nonlinear dynamical systems: Application to systems biology},
	author={Donz{\'e}, Alexandre and Clermont, Gilles and Langmead, Christopher J},
	journal={Journal of Computational Biology},
	volume={17},
	number={3},
	pages={325--336},
	year={2010},
	publisher={Mary Ann Liebert, Inc. 140 Huguenot Street, 3rd Floor New Rochelle, NY 10801 USA}
}

@article{jha,
	title = "Synthesis and infeasibility analysis for stochastic models of biochemical systems using statistical model checking and abstraction refinement ",
	journal = "Theoretical Computer Science ",
	volume = "412",
	number = "21",
	pages = "2162 - 2187",
	year = "2011",
	author = "Sumit Kumar Jha and Christopher James Langmead",
}

@article{uctl,
	title = "A state/event-based model-checking approach for the analysis of abstract system properties",
	journal = "Science of Computer Programming",
	volume = "76",
	number = "2",
	pages = "119 - 135",
	year = "2011",
	note = "",
	issn = "0167-6423",
	doi = "http://dx.doi.org/10.1016/j.scico.2010.07.002",
	url = "http://www.sciencedirect.com/science/article/pii/S0167642310001498",
	author = "Maurice H. ter Beek and Alessandro Fantechi and Stefania Gnesi and Franco Mazzanti",
	keywords = "Formal methods",
	keywords = "UML",
	keywords = "State machines",
	keywords = "Temporal logic",
	keywords = "Model checking",
	keywords = "Automotive systems",
	keywords = "Service-oriented computing"
}

@InProceedings{fm2016,
	author    = {Nikola Bene\v{s} and Lubo\v{s} Brim and Martin Demko and Samuel Pastva and David {\v{S}}afr\'anek},
	title     = {A Model Checking Approach to Discrete Bifurcation Analysis},
	booktitle = {FM 2016},
	year      = {2016},
	editor = 	 {John Fitzgerald and
	Constance Heitmeyer and
	Stefania Gnesi and
	Anna Philippou},  
	volume    = {9995},
	series    = {LNCS},
	pages     = {85--101},
	doi       = {10.1007/978-3-319-48989-6},
	isbn      = {978-3-319-48988-9},
	publisher = {Springer}
}

@inproceedings{ext1,
	title={A trace based extension of linear time temporal logic},
	author={Thiagarajan, PS},
	booktitle={Logic in Computer Science, 1994. LICS'94. Proceedings., Symposium on},
	pages={438--447},
	year={1994},
	organization={IEEE}
}

@article{ext2,
	title = "14 Hybrid logics",
	journal = "Studies in Logic and Practical Reasoning",
	volume = "3",
	number = "",
	pages = "821 - 868",
	year = "2007",
	note = "",
	issn = "1570-2464",
	doi = "http://dx.doi.org/10.1016/S1570-2464(07)80017-6",
	url = "http://www.sciencedirect.com/science/article/pii/S1570246407800176",
	author = "Carlos Areces and Balder ten Cate",
	
}

@article{abs,
	author = {Rizk, Aurélien and Batt, Gregory and Fages, François and Soliman, Sylvain},
	title = {A general computational method for robustness analysis with applications to synthetic gene networks},
	journal = {Bioinformatics},
	volume = {25},
	number = {12},
	pages = {i169},
	year = {2009},
	doi = {10.1093/bioinformatics/btp200},
	URL = { + http://dx.doi.org/10.1093/bioinformatics/btp200},
	eprint = {/oup/backfile/content_public/journal/bioinformatics/25/12/10.1093/bioinformatics/btp200/2/btp200.pdf}
}

@article{absOverview,
	title = "Abstraction of Biochemical Reaction Systems on Polytopes",
	journal = "IFAC Proceedings Volumes",
	volume = "44",
	number = "1",
	pages = "14869 - 14875",
	year = "2011",
	note = "",
	issn = "1474-6670",
	doi = "http://dx.doi.org/10.3182/20110828-6-IT-1002.03317",
	url = "http://www.sciencedirect.com/science/article/pii/S1474667016460180",
	author = "Pieter J. Collins and Luc Habets and Jan H. van Schuppen and Ivana Černá and Jana Fabriková and David Šafránek",
	keywords = "Affine system",
	keywords = "multi-affine system",
	keywords = "piecewise-affine hybrid system",
	keywords = "abstraction",
	keywords = "polytope"
}